<record><leader>00000cas a22000007a 4500</leader><controlfield tag="001">11749767</controlfield><controlfield tag="008">850301d18361836inuwr ne      0    0eng d</controlfield><datafield ind1=" " ind2=" " tag="010"><subfield code="a">sn 84028699 </subfield></datafield><datafield ind1=" " ind2=" " tag="040"><subfield code="a">NPY</subfield><subfield code="b">eng</subfield><subfield code="c">NPY</subfield><subfield code="d">KNP</subfield><subfield code="d">OCLCQ</subfield><subfield code="d">OCLCO</subfield></datafield><datafield ind1="1" ind2=" " tag="029"><subfield code="a">AU@</subfield><subfield code="b">000025797932</subfield></datafield><datafield ind1=" " ind2=" " tag="042"><subfield code="a">msc</subfield></datafield><datafield ind1="0" ind2=" " tag="130"><subfield code="a">Western Presbyterian (South Hanover, Ind.)</subfield></datafield><datafield ind1="1" ind2="0" tag="245"><subfield code="a">Western Presbyterian.</subfield></datafield><datafield ind1=" " ind2=" " tag="260"><subfield code="a">South Hanover, Ind. :</subfield><subfield code="b">Trustees of Hanover College</subfield></datafield><datafield ind1=" " ind2=" " tag="300"><subfield code="a">v. ;</subfield><subfield code="c">54 cm.</subfield></datafield><datafield ind1=" " ind2=" " tag="310"><subfield code="a">Weekly</subfield></datafield><datafield ind1="1" ind2=" " tag="362"><subfield code="a">Began with Jan. 7, 1836 issue; ceased in Mar., 1836.</subfield></datafield><datafield ind1=" " ind2=" " tag="588"><subfield code="a">Description based on: Vol. 5, no. 14 (Jan. 14, 1836).</subfield></datafield><datafield ind1="2" ind2=" " tag="710"><subfield code="a">Hanover College.</subfield></datafield><datafield ind1=" " ind2=" " tag="752"><subfield code="a">United States</subfield><subfield code="b">Indiana</subfield><subfield code="c">Jefferson</subfield><subfield code="d">South Hanover.</subfield></datafield><datafield ind1=" " ind2=" " tag="752"><subfield code="a">United States</subfield><subfield code="b">Indiana</subfield><subfield code="c">Jefferson</subfield><subfield code="d">Hanover.</subfield></datafield><datafield ind1="0" ind2="0" tag="780"><subfield code="t">Standard (South Hanover, Ind.)</subfield><subfield code="w">(DLC)sn 85048022</subfield></datafield><datafield ind1="0" ind2="0" tag="785"><subfield code="t">Western Presbyterian herald</subfield></datafield></record>